@misc{
  chatrec,
  title  = {Chat-REC: Towards Interactive and Explainable LLMs-Augmented Recommender System},
  author = {Gao, Yunfan and Sheng, Tao and Xiang, Youlin and Xiong, Yun and Wang, Haofen and Zhang, Jiawe},
  year   = {2023},
  url    = {https://arxiv.org/abs/2303.14524},
  note   = {Fecha de acceso: 23 de agosto de 2023}
}
