@misc{
  chatrec,
  title  = {Chat-REC: Towards Interactive and Explainable LLMs-Augmented Recommender System},
  author = {Gao, Yunfan and Sheng, Tao and Xiang, Youlin and Xiong, Yun and Wang, Haofen and Zhang, Jiawe},
  year   = {2023},
  url    = {https://arxiv.org/abs/2303.14524},
  note   = {Fecha de acceso: 23 de agosto de 2023}
}


@misc{
  src,
  title  = {Sistemas de recomendacion colaborativos, Trabajo Final de la Especialización en Explotación de Datos y Descubrimiento del
Conocimiento},
  author = {Marino, Adrian},
  year   = {2022},
  url    = {https://github.com/adrianmarino/thesis-paper/blob/master/docs/specialization-project/thesis.pdf},
  note   = {Fecha de acceso: 1 de enero de 2022}
}


@misc{dfmpaper,
  title        = {DeepFM: A Factorization-Machine based Neural Network for CTR Prediction},
  author       = {Huifeng Guo, Ruiming Tang, Yunming Ye},
  year         = {2021},
  url          = {ttps://arxiv.org/pdf/1703.04247.pdf},
  note         = {Fecha de acceso: 2 de febrero de 2021}
}

@misc{didldfm,
  title        = {Deep Factorization Machines},
  author       = {Zhang, Aston and Lipton, Zachary C. and Li, Mu and Smola, Alexander J.},
  year         = {2021},
  url          = {https://d2l.ai/chapter_recommender-systems/deepfm.html},
  note         = {Fecha de acceso: 20 de junio de 2022}
}

@misc{didlfm,
  title        = {Factorization Machines},
  author       = {Zhang, Aston and Lipton, Zachary C. and Li, Mu and Smola, Alexander J.},
  year         = {2021},
  url          = {https://medium.com/qloo/popular-evaluation-metrics-in-recommender-systems-explained-324ff2fb427d#:~:text=Precision%20and%20recall%20are%20evaluation,user%20query%20in%20our%20case.},
  note         = {Fecha de acceso: 20 de junio de 2022}
}

@misc{fm,
  title        = {Factorization Machines},
  author       = {Steffen Rendle},
  year         = {2010},
  url          = {https://www.csie.ntu.edu.tw/~b97053/paper/Rendle2010FM.pdf},
  note         = {Fecha de acceso: 2 de febrero de 2022}
}

@misc{wideanddeeppaper,
  title        = {Wide and Deep Learning for Recommender Systems},
  author       = {HengTze Cheng, Levent Koc, Jeremiah Harmsen},
  year         = {2016},
  url          = {https://arxiv.org/pdf/1606.07792.pdf},
  note         = {Fecha de acceso: 2 de marzo de 2021}
}

@article{
zhangdive,
 title={Dive into Deep Learning},
 author={Zhang, Aston and Lipton, Zachary C. and Li, Mu and Smola, Alexander J.},
 journal={arXiv preprint arXiv:2106.11342},
 year={2021}
}


@misc{movielens,
  title        = {MovieLens 25M Dataset},
  author       = {GroupLens},
  year         = {2019},
  url          = {https://grouplens.org/datasets/movielens/25m},
  note         = {Fecha de acceso: 2 de febrero de 2021}
}

@misc{tmdb,
  title        = {TMDB Movie Dataset},
  author       = {ROUNAK BANIK},
  year         = {2017},
  url          = {https://www.kaggle.com/datasets/rounakbanik/the-movies-dataset?select=movies_metadata.csv},
  note         = {Fecha de acceso: 2 de febrero de 2021}
}

@misc{pca,
  title  = {Análisis de componentes principales},
  author = {Comunidad de editores de Wikimedia},
  year   = {2023},
  url    = {https://es.wikipedia.org/wiki/An%C3%A1lisis_de_componentes_principales#:~:text=En%20estad%C3%ADstica%2C%20el%20an%C3%A1lisis%20de,%C2%ABcomponentes%C2%BB)%20no%20correlacionadas.},
  note   = {Fecha de acceso: 23 de julio de 2023}
}


@misc{biplot,
  title  = {Biplot},
  author = {Comunidad de editores de Wikimedia},
  year   = {2023},
  url    = {https://es.wikipedia.org/wiki/Biplot},
  note   = {Fecha de acceso: 23 de julio de 2023}
}


@misc{apache-airflow,
  title  = {Apache Airflow},
  author = {Airbnb},
  year   = {2014},
  url    = {https://airflow.apache.org},
  note   = {Fecha de acceso:  2022}
}



@misc{dfmpaper,
  title        = {DeepFM: A Factorization-Machine based Neural Network for CTR Prediction},
  author       = {Huifeng Guo, Ruiming Tang, Yunming Ye},
  year         = {2021},
  url          = {ttps://arxiv.org/pdf/1703.04247.pdf},
  note         = {Fecha de acceso: 2 de febrero de 2021}
}

@misc{didldfm,
  title        = {Deep Factorization Machines},
  author       = {Zhang, Aston and Lipton, Zachary C. and Li, Mu and Smola, Alexander J.},
  year         = {2021},
  url          = {https://d2l.ai/chapter_recommender-systems/deepfm.html},
  note         = {Fecha de acceso: 20 de junio de 2022}
}

@misc{rag,
  title        = {Retrieval-Augmented Generation for Knowledge-Intensive NLP Tasks},
  author       = {Patrick Lewis, Ethan Perez, Aleksandra Piktus, Fabio Petroni, Vladimir Karpukhin, Naman Goyal, Heinrich Küttler, Mike Lewis, Wen-tau Yih, Tim Rocktäschel, Sebastian Riedel, Douwe Kiela},
  year         = {2005},
  url          = {https://arxiv.org/abs/2005.11401},
  note         = {Fecha de acceso: 2023}
}

